@article{shearer2018social,
  title={Social media outpaces print newspapers in the US as a news source},
  author={Shearer, Elisa},
  journal={Pew research center},
  volume={10},
  year={2018}
}

@article{mitchell2020americans,
  title={Americans Who Mainly Get Their News on Social Media Are Less Engaged, Less Knowledgeable},
  author={Mitchell, A and Jurkowitz, M and Baxter Oliphant, J and Shearer, E},
  journal={Pew Research Center: Journalism \& Media},
  year={2020}
}

@article{matsa2018news,
  title={News use across social media platforms 2018},
  author={Matsa, Katerina Eva and Shearer, Elisa},
  journal={Pew Research Center},
  volume={10},
  year={2018}
}

@book{qualman2012socialnomics,
  title={Socialnomics: How social media transforms the way we live and do business},
  author={Qualman, Erik},
  year={2012},
  publisher={John Wiley \& Sons}
}

@book{tapscott2008wikinomics,
  title={Wikinomics: How mass collaboration changes everything},
  author={Tapscott, Don and Williams, Anthony D},
  year={2008},
  publisher={Penguin}
}

@article{mirbabaie2020breaking,
  title={‘Breaking’news: uncovering sense-breaking patterns in social media crisis communication during the 2017 Manchester bombing},
  author={Mirbabaie, Milad and Marx, Julian},
  journal={Behaviour \& Information Technology},
  volume={39},
  number={3},
  pages={252--266},
  year={2020},
  publisher={Taylor \& Francis}
}

@article{walker2014breaking,
  title={Breaking the news: The role of state-run media},
  author={Walker, Christopher and Orttung, Robert W},
  journal={Journal of Democracy},
  volume={25},
  number={1},
  pages={71--85},
  year={2014},
  publisher={Johns Hopkins University Press}
}

@article{eriksson2016facebook,
  title={Facebook and Twitter in crisis communication: A comparative study of crisis communication professionals and citizens},
  author={Eriksson, Mats and Olsson, Eva-Karin},
  journal={Journal of contingencies and crisis management},
  volume={24},
  number={4},
  pages={198--208},
  year={2016},
  publisher={Wiley Online Library}
}

@article{chan2020social,
  title={Social media in knowledge translation and education for physicians and trainees: a scoping review},
  author={Chan, Teresa M and Dzara, Kristina and Dimeo, Sara Paradise and Bhalerao, Anuja and Maggio, Lauren A},
  journal={Perspectives on medical education},
  pages={1--11},
  year={2020},
  publisher={Springer}
}

@article{gottlieb2020information,
  title={Information and Disinformation: Social Media in the COVID-19 Crisis},
  author={Gottlieb, Michael and Dyer, Sean},
  journal={Academic Emergency Medicine},
  year={2020},
  publisher={Wiley Online Library}
}

@article{goldman2016comet,
  title={The Comet Ping Pong gunman answers our reporter’s questions},
  author={Goldman, Adam},
  journal={The New York Times},
  volume={7},
  year={2016}
}

@article{subedar2018country,
  title={The Country where Facebook Posts Whipped up Hate},
  author={Subedar, Anisa},
  journal={BBC News},
  volume={12},
  year={2018}
}

@inproceedings{maddock2015characterizing,
  title={Characterizing online rumoring behavior using multi-dimensional signatures},
  author={Maddock, Jim and Starbird, Kate and Al-Hassani, Haneen J and Sandoval, Daniel E and Orand, Mania and Mason, Robert M},
  booktitle={Proceedings of the 18th ACM conference on computer supported cooperative work \& social computing},
  pages={228--241},
  year={2015}
}

@article{starbird2014rumors,
  title={Rumors, false flags, and digital vigilantes: Misinformation on twitter after the 2013 boston marathon bombing},
  author={Starbird, Kate and Maddock, Jim and Orand, Mania and Achterman, Peg and Mason, Robert M},
  journal={IConference 2014 Proceedings},
  year={2014},
  publisher={iSchools}
}

%% cited sources for debunked pizzagate
@article{kang2016fake,
  title={Fake news onslaught targets pizzeria as nest of child-trafficking},
  author={Kang, Cecilia},
  journal={The New York Times},
  pages={B1},
  year={2016}
}

 @misc{lacapria2016fact, 
    title={FACT CHECK: Is Comet Ping Pong Pizzeria Home to a Child Abuse Ring Led by Hillary Clinton?},
    url={https://www.snopes.com/fact-check/pizzagate-conspiracy/},
    journal={Snopes.com}, 
    author={LaCapria, Kim},
    year={2016}
} 

 @misc{board_2016, 
 title={'Pizzagate' shows how fake news hurts real people}, url={https://www.washingtonpost.com/opinions/pizzagate-shows-how-fake-news-hurts-real-people/2016/11/25/d9ee0590-b0f9-11e6-840f-e3ebab6bcdd3_story.html?utm_term=.16f3d5f644b7}, 
 journal={The Washington Post}, 
 publisher={WP Company}, 
 author={Board, Editorial}, 
 year={2016}, 
 month={Nov}
 } 
 
 %%% pizzagate results
 @article{kang2016washington,
  title={In Washington pizzeria attack, fake news brought real guns},
  author={Kang, Cecilia and Goldman, Adam},
  journal={New York Times},
  volume={5},
  year={2016}
}

%% echo chambers
@book{adibi2005proceedings,
  title={Proceedings of the 3rd international workshop on Link discovery},
  author={Adibi, Jafar},
  year={2005},
  publisher={ACM}
}

@article{bastian2009international,
  title={International AAAI Conference on Weblogs and Social Media},
  author={Bastian, M and Heymann, S and Jacomy, M},
  journal={Association for the Advancement of Artificial Intelligence},
  pages={361--362},
  year={2009}
}

@book{pariser2011filter,
  title={The filter bubble: What the Internet is hiding from you},
  author={Pariser, Eli},
  year={2011},
  publisher={Penguin UK}
}

@article{bozdag2015breaking,
  title={Breaking the filter bubble: democracy and design},
  author={Bozdag, Engin and van den Hoven, Jeroen},
  journal={Ethics and Information Technology},
  volume={17},
  number={4},
  pages={249--265},
  year={2015},
  publisher={Springer}
}





%%%%% philosophy sources

@book{wright1997companion,
  title={A Companion to the Philosophy of Language},
  author={Wright, Crispin and Hale, Bob},
  year={1997},
  publisher={Blackwell}
}

@article{quine1951main,
  title={Main trends in recent philosophy: Two dogmas of empiricism},
  author={Quine, Willard V},
  journal={The philosophical review},
  pages={20--43},
  year={1951},
  publisher={JSTOR}
}


%%% people don't actually read what they share on twitter
@inproceedings{holmstrom2019we,
  title={Do we read what we share? analyzing the click dynamic of news articles shared on Twitter},
  author={Holmstr{\"o}m, Jesper and Jonsson, Daniel and Polbratt, Filip and Nilsson, Olav and Lundstr{\"o}m, Linnea and Ragnarsson, Sebastian and Forsberg, Anton and Andersson, Karl and Carlsson, Niklas},
  booktitle={Proceedings of the 2019 IEEE/ACM International Conference on Advances in Social Networks Analysis and Mining},
  pages={420--425},
  year={2019}
}

%%% facebook has 2.5 billion daily active users
 @misc{facebook_2020, 
 title={Facebook Q3 2020 Earnings}, url={https://investor.fb.com/investor-events/event-details/2020/Facebook-Q3-2020-Earnings/default.aspx}, 
 journal={Facebook - Facebook Q3 2020 Earnings}, 
 author={Facebook}, 
 year={2020}, 
 month={Oct}
 } 
 
 %%% 4 petabytes of data in 2014
 @inproceedings{bronson2015open,
  title={Open data challenges at Facebook},
  author={Bronson, Nathan and Lento, Thomas and Wiener, Janet L},
  booktitle={2015 IEEE 31st international conference on data engineering},
  pages={1516--1519},
  year={2015},
  organization={IEEE}
}

%%% Zuckerberg2018 testimony
@misc{energy2018facebook,
  title={Facebook: transparency and use of consumer data},
  author={Energy and Commerce Committee},
  year={2018},
  publisher={Retrieved from House of Representatives Energy \& Commerce Committee: https~…}
}

%% zuckerberg 2020 testimony
@article{zuckerberg2020,
    title={Testimony of Mark Zuckerberg Facebook, Inc.}, 
    author={Hearing Before the United States House of Representatives Committee on the Judiciary Subcommittee on Antitrust, Commercial, and Administrative Law},
    year={2020}, 
    pages={5},
    testimony={Mark Zuckerberg}
}

%% Facebook Solutions
@article{smith2018designing,
  title={Designing new ways to give context to news stories},
  author={Smith, J and Leavitt, A and Jackson, G},
  journal={Facebook Newsroom. https://newsroom. fb. com/news/2018/04/inside-feed-article-context},
  year={2018}
}
@article{facebook_2020, 
    title={How Our Fact-Checking Program Works}, url={https://www.facebook.com/journalismproject/programs/third-party-fact-checking/how-it-works}, 
    journal={How Facebook's Fact-Checking Program Works}, author={Facebook}, 
    year={2020}
} 
@misc{owen2016clamping,
  title={Clamping down on viral fake news, Facebook partners with sites like Snopes and adds new user reporting},
  author={Owen, Laura H},
  year={2016},
  publisher={NiemanLab}
}

%%% credible violence
@article{facebook2020violence, 
    title={1. Violence and Incitement}, url={https://www.facebook.com/communitystandards/credible_violence}, 
    journal={Facebook Community Standards},
    author={Facebook}, 
    year={2020}
} 

@article{rosenberg2017alex,
  title={Alex Jones Apologizes for Promoting ‘Pizzagate’Hoax},
  author={Rosenberg, Eli},
  journal={New York Times},
  year={2017}
}

%%%%% backfire effects articles
@article{gollust2009polarizing,
  title={The polarizing effect of news media messages about the social determinants of health},
  author={Gollust, Sarah E and Lantz, Paula M and Ubel, Peter A},
  journal={American Journal of Public Health},
  volume={99},
  number={12},
  pages={2160--2167},
  year={2009},
  publisher={American Public Health Association}
}
%% People are unlikely to care if they believe the headline
@article{nyhan2010corrections,
  title={When corrections fail: The persistence of political misperceptions},
  author={Nyhan, Brendan and Reifler, Jason},
  journal={Political Behavior},
  volume={32},
  number={2},
  pages={303--330},
  year={2010},
  publisher={Springer}
}
@article{nyhan2013hazards,
  title={The hazards of correcting myths about health care reform},
  author={Nyhan, Brendan and Reifler, Jason and Ubel, Peter A},
  journal={Medical care},
  pages={127--132},
  year={2013},
  publisher={JSTOR}
}
@article{redlawsk2010affective,
  title={The affective tipping point: Do motivated reasoners ever “get it”?},
  author={Redlawsk, David P and Civettini, Andrew JW and Emmerson, Karen M},
  journal={Political Psychology},
  volume={31},
  number={4},
  pages={563--593},
  year={2010},
  publisher={Wiley Online Library}
}
@article{schaffner2016misinformation,
  title={Misinformation and motivated reasoning: Responses to economic news in a politicized environment},
  author={Schaffner, Brian F and Roche, Cameron},
  journal={Public Opinion Quarterly},
  volume={81},
  number={1},
  pages={86--110},
  year={2016},
  publisher={American Association for Public Opinion Research}
}
%%%%%%%

@article{flynn2017nature,
  title={The nature and origins of misperceptions: Understanding false and unsupported beliefs about politics},
  author={Flynn, DJ and Nyhan, Brendan and Reifler, Jason},
  journal={Political Psychology},
  volume={38},
  pages={127--150},
  year={2017},
  publisher={Wiley Online Library}
}

%% Even if you correct the information immediately, it doesn't matter. focus on user instead of tweet
@article{thorson2016belief,
  title={Belief echoes: The persistent effects of corrected misinformation},
  author={Thorson, Emily},
  journal={Political Communication},
  volume={33},
  number={3},
  pages={460--480},
  year={2016},
  publisher={Taylor \& Francis}
}

%%% changing misperceptions about immigrants doesn't do anything
@inproceedings{sides2007large,
  title={How large the huddled masses? The causes and consequences of public misperceptions about immigrant populations},
  author={Sides, John and Citrin, Jack},
  booktitle={annual meeting of the Midwest Political Science Association, Chicago, IL},
  year={2007}
}

%%% Bullock Thesis
@phdthesis{bullock2007experiments,
author={Bullock,John G.},
year={2007},
title={Experiments on partisanship and public opinion: Party cues, false beliefs, and Bayesian updating},
journal={ProQuest Dissertations and Theses},
pages={145},
keywords={Social sciences; Bayesian updating; Cues; False beliefs; Misinformation; Partisanship; Public opinion; Political science; Bayesian analysis; Political parties; 0615:Political science},
isbn={978-0-549-06156-4},
language={English},
url={http://turing.library.northwestern.edu/login?url=https://www-proquest-com.turing.library.northwestern.edu/dissertations-theses/experiments-on-partisanship-public-opinion-party/docview/304810798/se-2?accountid=12861},
}

%%% Set of people saying that who you're connected to matters.
@article{bollinger2012peer,
  title={Peer effects in the diffusion of solar photovoltaic panels},
  author={Bollinger, Bryan and Gillingham, Kenneth},
  journal={Marketing Science},
  volume={31},
  number={6},
  pages={900--912},
  year={2012},
  publisher={INFORMS}
}
@article{bond201261,
  title={A 61-million-person experiment in social influence and political mobilization},
  author={Bond, Robert M and Fariss, Christopher J and Jones, Jason J and Kramer, Adam DI and Marlow, Cameron and Settle, Jaime E and Fowler, James H},
  journal={Nature},
  volume={489},
  number={7415},
  pages={295--298},
  year={2012},
  publisher={Nature Publishing Group}
}
@article{gerber2008social,
  title={Social pressure and voter turnout: Evidence from a large-scale field experiment},
  author={Gerber, Alan S and Green, Donald P and Larimer, Christopher W},
  journal={American political Science review},
  pages={33--48},
  year={2008},
  publisher={JSTOR}
}
@article{gerber2009descriptive,
  title={Descriptive social norms and motivation to vote: Everybody's voting and so should you},
  author={Gerber, Alan S and Rogers, Todd},
  journal={The Journal of Politics},
  volume={71},
  number={1},
  pages={178--191},
  year={2009},
  publisher={Cambridge University Press New York, USA}
}
@techreport{kast2012under,
  title={Under-savers anonymous: Evidence on self-help groups and peer pressure as a savings commitment device},
  author={Kast, Felipe and Meier, Stephan and Pomeranz, Dina},
  year={2012},
  institution={National Bureau of Economic Research}
}
@article{meer2011brother,
  title={Brother, can you spare a dime? Peer pressure in charitable solicitation},
  author={Meer, Jonathan},
  journal={Journal of public economics},
  volume={95},
  number={7-8},
  pages={926--941},
  year={2011},
  publisher={Elsevier}
}
@article{paluck2011peer,
  title={Peer pressure against prejudice: A high school field experiment examining social network change},
  author={Paluck, Elizabeth Levy},
  journal={Journal of Experimental Social Psychology},
  volume={47},
  number={2},
  pages={350--358},
  year={2011},
  publisher={Elsevier}
}
@article{paluck2012salience,
  title={The salience of social referents: A field experiment on collective norms and harassment behavior in a school social network.},
  author={Paluck, Elizabeth Levy and Shepherd, Hana},
  journal={Journal of personality and social psychology},
  volume={103},
  number={6},
  pages={899},
  year={2012},
  publisher={American Psychological Association}
}

%%% People only care about "who" said it.
@article{swire2017processing,
  title={Processing political misinformation: comprehending the Trump phenomenon},
  author={Swire, Briony and Berinsky, Adam J and Lewandowsky, Stephan and Ecker, Ullrich KH},
  journal={Royal Society open science},
  volume={4},
  number={3},
  pages={160802},
  year={2017},
  publisher={The Royal Society Publishing}
}

%%% first thing people do is decide if they like the person
@article{housholder2014facebook,
  title={Facebook politics: Toward a process model for achieving political source credibility through social media},
  author={Housholder, Elizabeth E and LaMarre, Heather L},
  journal={Journal of Information Technology \& Politics},
  volume={11},
  number={4},
  pages={368--382},
  year={2014},
  publisher={Taylor \& Francis}
}

%% People still don't believe Obama's birth certificate
@article{nyhan2012new,
  title={“New Surveys Show the Persistence of Misperceptions},
  author={Nyhan, Brendan},
  journal={Huffington Post Pollster, July},
  volume={30},
  pages={2012},
  year={2012}
}

%% People will resist fact checking from outside of their community
@article{garrett2013undermining,
  title={Undermining the corrective effects of media-based political fact checking? The role of contextual cues and na{\"\i}ve theory},
  author={Garrett, R Kelly and Nisbet, Erik C and Lynch, Emily K},
  journal={Journal of Communication},
  volume={63},
  number={4},
  pages={617--637},
  year={2013},
  publisher={Oxford University Press}
}

%%% People struggle to change their minds after they have an idea
@article{cobb2013beliefs,
  title={Beliefs don't always persevere: How political figures are punished when positive information about them is discredited},
  author={Cobb, Michael D and Nyhan, Brendan and Reifler, Jason},
  journal={Political Psychology},
  volume={34},
  number={3},
  pages={307--326},
  year={2013},
  publisher={Wiley Online Library}
}
 
@misc{mostrom2020longitudinal,
  title={Longitudinal study of links, linkshorteners, and Bitly usage on Twitter},
  author={Mostr{\"o}m, Mathilda and Edberg, Alexander},
  year={2020}
}

@inproceedings{gabielkov2016social,
  title={Social clicks: What and who gets read on Twitter?},
  author={Gabielkov, Maksym and Ramachandran, Arthi and Chaintreau, Augustin and Legout, Arnaud},
  booktitle={Proceedings of the 2016 ACM SIGMETRICS international conference on measurement and modeling of computer science},
  pages={179--192},
  year={2016}
}


@article{albert1999diameter,
  title={Diameter of the world-wide web},
  author={Albert, R{\'e}ka and Jeong, Hawoong and Barab{\'a}si, Albert-L{\'a}szl{\'o}},
  journal={nature},
  volume={401},
  number={6749},
  pages={130--131},
  year={1999},
  publisher={Nature Publishing Group}
}

%% small world network
@article{barthelemy1999small,
  title={Small-world networks: Evidence for a crossover picture},
  author={Barth{\'e}l{\'e}my, Marc and Amaral, Luis A Nunes},
  journal={Physical Review Letters},
  volume={82},
  number={15},
  pages={3180},
  year={1999},
  publisher={APS}
}

%% this is for the argument that you can knock out a few nodes and get rid of all of it
@article{cohen2003efficient,
  title={Efficient immunization strategies for computer networks and populations},
  author={Cohen, Reuven and Havlin, Shlomo and Ben-Avraham, Daniel},
  journal={Physical review letters},
  volume={91},
  number={24},
  pages={247901},
  year={2003},
  publisher={APS}
}

%%%%
@article{albert2000error,
  title={Error and attack tolerance of complex networks},
  author={Albert, R{\'e}ka and Jeong, Hawoong and Barab{\'a}si, Albert-L{\'a}szl{\'o}},
  journal={nature},
  volume={406},
  number={6794},
  pages={378--382},
  year={2000},
  publisher={Nature Publishing Group}
}

%%% Track people's reporting scores
@inproceedings{tschiatschek2018fake,
  title={Fake news detection in social networks via crowd signals},
  author={Tschiatschek, Sebastian and Singla, Adish and Gomez Rodriguez, Manuel and Merchant, Arpit and Krause, Andreas},
  booktitle={Companion Proceedings of the The Web Conference 2018},
  pages={517--524},
  year={2018}
}