@article{bullmore2009complex,
  title={Complex brain networks: graph theoretical analysis of structural and functional systems},
  author={Bullmore, Ed and Sporns, Olaf},
  journal={Nature Reviews Neuroscience},
  volume={10},
  number={3},
  pages={186--198},
  year={2009},
  publisher={Nature Publishing Group}
}

@article{watts1998collective,
  title={Collective dynamics of ‘small-world’networks},
  author={Watts, Duncan J and Strogatz, Steven H},
  journal={nature},
  volume={393},
  number={6684},
  pages={440--442},
  year={1998},
  publisher={Nature Publishing Group}
}

@article{gomez2009analysis,
  title={Analysis of community structure in networks of correlated data},
  author={G{\'o}mez, Sergio and Jensen, Pablo and Arenas, Alex},
  journal={Physical Review E},
  volume={80},
  number={1},
  pages={016114},
  year={2009},
  publisher={APS}
}

@article{leonardi2014disentangling,
  title={Disentangling dynamic networks: Separated and joint expressions of functional connectivity patterns in time},
  author={Leonardi, Nora and Shirer, William R and Greicius, Michael D and Van De Ville, Dimitri},
  journal={Human brain mapping},
  volume={35},
  number={12},
  pages={5984--5995},
  year={2014},
  publisher={Wiley Online Library}
}


@article{rubinov2011weight,
  title={Weight-conserving characterization of complex functional brain networks},
  author={Rubinov, Mikail and Sporns, Olaf},
  journal={Neuroimage},
  volume={56},
  number={4},
  pages={2068--2079},
  year={2011},
  publisher={Elsevier}
}

@article{chang2010time,
  title={Time--frequency dynamics of resting-state brain connectivity measured with fMRI},
  author={Chang, Catie and Glover, Gary H},
  journal={Neuroimage},
  volume={50},
  number={1},
  pages={81--98},
  year={2010},
  publisher={Elsevier}
}

@article{elton2015task,
  title={Task-related modulation of functional connectivity variability and its behavioral correlations},
  author={Elton, Amanda and Gao, Wei},
  journal={Human brain mapping},
  year={2015},
  publisher={Wiley Online Library}
}

@article{power2014methods,
  title={Methods to detect, characterize, and remove motion artifact in resting state fMRI},
  author={Power, Jonathan D and Mitra, Anish and Laumann, Timothy O and Snyder, Abraham Z and Schlaggar, Bradley L and Petersen, Steven E},
  journal={Neuroimage},
  volume={84},
  pages={320--341},
  year={2014},
  publisher={Elsevier}
}

@article{power2011functional,
  title={Functional network organization of the human brain},
  author={Power, Jonathan D and Cohen, Alexander L and Nelson, Steven M and Wig, Gagan S and Barnes, Kelly Anne and Church, Jessica A and Vogel, Alecia C and Laumann, Timothy O and Miezin, Fran M and Schlaggar, Bradley L and others},
  journal={Neuron},
  volume={72},
  number={4},
  pages={665--678},
  year={2011},
  publisher={Elsevier}
}


@article{power2012spurious,
  title={Spurious but systematic correlations in functional connectivity MRI networks arise from subject motion},
  author={Power, Jonathan D and Barnes, Kelly A and Snyder, Abraham Z and Schlaggar, Bradley L and Petersen, Steven E},
  journal={Neuroimage},
  volume={59},
  number={3},
  pages={2142--2154},
  year={2012},
  publisher={Elsevier}
}

@article{sporns2015modular,
  title={Modular brain networks},
  author={Sporns, Olaf and Betzel, Richard F},
  journal={Annual review of psychology},
  volume={67},
  number={1},
  year={2016},
  pages={10.1146/annurev-psych-122414-033634},
  publisher={Annual Reviews 4139 El Camino Way, PO Box 10139, Palo Alto, California 94303-0139, USA}
}

@article{karahanouglu2015transient,
  title={Transient brain activity disentangles fMRI resting-state dynamics in terms of spatially and temporally overlapping networks},
  author={Karahano{\u{g}}lu, Fikret I{\c{s}}ik and Van De Ville, Dimitri},
  journal={Nature communications},
  volume={6},
  year={2015},
  publisher={Nature Publishing Group}
}

@article{laumann2015functional,
  title={Functional System and Areal Organization of a Highly Sampled Individual Human Brain},
  author={Laumann, Timothy O and Gordon, Evan M and Adeyemo, Babatunde and Snyder, Abraham Z and Joo, Sung Jun and Chen, Mei-Yen and Gilmore, Adrian W and McDermott, Kathleen B and Nelson, Steven M and Dosenbach, Nico UF and others},
  journal={Neuron},
  year={2015},
  publisher={Elsevier},
  pages={doi:10.1016/j.neuron.2015.06.037}
}

@article{bassett2011dynamic,
  title={Dynamic reconfiguration of human brain networks during learning},
  author={Bassett, Danielle S and Wymbs, Nicholas F and Porter, Mason A and Mucha, Peter J and Carlson, Jean M and Grafton, Scott T},
  journal={Proceedings of the National Academy of Sciences},
  volume={108},
  number={18},
  pages={7641--7646},
  year={2011},
  publisher={National Acad Sciences}
}


@article{good2010performance,
  title={Performance of modularity maximization in practical contexts},
  author={Good, Benjamin H and de Montjoye, Yves-Alexandre and Clauset, Aaron},
  journal={Physical Review E},
  volume={81},
  number={4},
  pages={046106},
  year={2010},
  publisher={APS}
}

@article{scheeringa2012eeg,
  title={EEG alpha power modulation of FMRI resting-state connectivity},
  author={Scheeringa, Ren{\'e} and Petersson, Karl Magnus and Kleinschmidt, Andreas and Jensen, Ole and Bastiaansen, Marcel CM},
  journal={Brain connectivity},
  volume={2},
  number={5},
  pages={254--264},
  year={2012},
  publisher={Mary Ann Liebert, Inc. 140 Huguenot Street, 3rd Floor New Rochelle, NY 10801 USA}
}

@article{fortunato2007resolution,
  title={Resolution limit in community detection},
  author={Fortunato, Santo and Barth{\'e}lemy, Marc},
  journal={Proceedings of the National Academy of Sciences},
  volume={104},
  number={1},
  pages={36--41},
  year={2007},
  publisher={National Acad Sciences}
}

@article{lancichinetti2012consensus,
  title={Consensus clustering in complex networks},
  author={Lancichinetti, Andrea and Fortunato, Santo},
  journal={Scientific reports},
  volume={2},
  year={2012},
  publisher={Nature Publishing Group}
}

@article{traud2011comparing,
  title={Comparing community structure to characteristics in online collegiate social networks},
  author={Traud, Amanda L and Kelsic, Eric D and Mucha, Peter J and Porter, Mason A},
  journal={SIAM review},
  volume={53},
  number={3},
  pages={526--543},
  year={2011},
  publisher={SIAM}
}

@article{betzel2013multi,
  title={Multi-scale community organization of the human structural connectome and its relationship with resting-state functional connectivity},
  author={Betzel, Richard F and Griffa, Alessandra and Avena-Koenigsberger, Andrea and Go{\~n}i, Joaqu{\'\i}n and THIRAN, JEAN-PHILIPPE and Hagmann, Patric and Sporns, Olaf},
  journal={Network Science},
  volume={1},
  number={03},
  pages={353--373},
  year={2013},
  publisher={Cambridge Univ Press}
}

@article{reichardt2006statistical,
  title={Statistical mechanics of community detection},
  author={Reichardt, J{\"o}rg and Bornholdt, Stefan},
  journal={Physical Review E},
  volume={74},
  number={1},
  pages={016110},
  year={2006},
  publisher={APS}
}

@article{barttfeld2015signature,
  title={Signature of consciousness in the dynamics of resting-state brain activity},
  author={Barttfeld, Pablo and Uhrig, Lynn and Sitt, Jacobo D and Sigman, Mariano and Jarraya, B{\'e}chir and Dehaene, Stanislas},
  journal={Proceedings of the National Academy of Sciences},
  volume={112},
  number={3},
  pages={887--892},
  year={2015},
  publisher={National Acad Sciences}
}

@article{hansen2015functional,
  title={Functional connectivity dynamics: Modeling the switching behavior of the resting state},
  author={Hansen, Enrique CA and Battaglia, Demian and Spiegler, Andreas and Deco, Gustavo and Jirsa, Viktor K},
  journal={NeuroImage},
  volume={105},
  pages={525--535},
  year={2015},
  publisher={Elsevier}
}

@article{kopell2014beyond,
  title={Beyond the connectome: the dynome},
  author={Kopell, Nancy J and Gritton, Howard J and Whittington, Miles A and Kramer, Mark A},
  journal={Neuron},
  volume={83},
  number={6},
  pages={1319--1328},
  year={2014},
  publisher={Elsevier}
}

@article{smith2009correspondence,
  title={Correspondence of the brain's functional architecture during activation and rest},
  author={Smith, Stephen M and Fox, Peter T and Miller, Karla L and Glahn, David C and Fox, P Mickle and Mackay, Clare E and Filippini, Nicola and Watkins, Kate E and Toro, Roberto and Laird, Angela R and others},
  journal={Proceedings of the National Academy of Sciences},
  volume={106},
  number={31},
  pages={13040--13045},
  year={2009},
  publisher={National Acad Sciences}
}

@article{yeo2011organization,
  title={The organization of the human cerebral cortex estimated by intrinsic functional connectivity},
  author={Yeo, BT Thomas and Krienen, Fenna M and Sepulcre, Jorge and Sabuncu, Mert R and Lashkari, Danial and Hollinshead, Marisa and Roffman, Joshua L and Smoller, Jordan W and Z{\"o}llei, Lilla and Polimeni, Jonathan R and others},
  journal={Journal of Neurophysiology},
  volume={106},
  number={3},
  pages={1125--1165},
  year={2011},
  publisher={Am Physiological Soc}
}

@article{sporns2005human,
  title={The human connectome: a structural description of the human brain},
  author={Sporns, Olaf and Tononi, Giulio and K{\"o}tter, Rolf},
  journal={PLoS Computational Biology},
  volume={1},
  number={4},
  pages={e42},
  year={2005}
}

@book{sporns2011networks,
  title={Networks of the Brain},
  author={Sporns, Olaf},
  year={2011},
  publisher={MIT press}
}

@article{smith2011network,
  title={Network modelling methods for {FMRI}},
  author={Smith, Stephen M and Miller, Karla L and Salimi-Khorshidi, Gholamreza and Webster, Matthew and Beckmann, Christian F and Nichols, Thomas E and Ramsey, Joseph D and Woolrich, Mark W},
  journal={Neuroimage},
  volume={54},
  number={2},
  pages={875--891},
  year={2011},
  publisher={Elsevier}
}

@article{liao2014dynamicbc,
  title={DynamicBC: a MATLAB toolbox for dynamic brain connectome analysis},
  author={Liao, Wei and Wu, Guo-Rong and Xu, Qiang and Ji, Gong-Jun and Zhang, Zhiqiang and Zang, Yu-Feng and Lu, Guangming},
  journal={Brain Connectivity},
  volume={4},
  number={10},
  pages={780--790},
  year={2014},
  publisher={Mary Ann Liebert, Inc. 140 Huguenot Street, 3rd Floor New Rochelle, NY 10801 USA}
}

@article{liegeois2014cerebral,
  title={Cerebral functional connectivity periodically (de) synchronizes with anatomical constraints},
  author={Liegeois, Rapha{\"e}l and Ziegler, Erik and Geurts, Pierre and Gomez, Francisco and Bahri, Mohamed Ali and Phillips, Christophe and Soddu, Andrea and Vanhaudenhuyse, Audrey and Laureys, Steven and Sepulchre, Rodolphe},
  journal={Brain Structure and Function},
  year={2015}
}

@article{crossley2013cognitive,
  title={Cognitive relevance of the community structure of the human brain functional coactivation network},
  author={Crossley, Nicolas A and Mechelli, Andrea and V{\'e}rtes, Petra E and Winton-Brown, Toby T and Patel, Ameera X and Ginestet, Cedric E and McGuire, Philip and Bullmore, Edward T},
  journal={Proceedings of the National Academy of Sciences USA},
  volume={110},
  number={28},
  pages={11583--11588},
  year={2013},
  publisher={National Acad Sciences}
}

	@article{friston2011functional,
  title={Functional and effective connectivity: a review},
  author={Friston, Karl J},
  journal={Brain Connectivity},
  volume={1},
  number={1},
  pages={13--36},
  year={2011},
  publisher={Mary Ann Liebert, Inc. 140 Huguenot Street, 3rd Floor New Rochelle, NY 10801 USA}
}

@article{hutchison2013dynamic,
  title={Dynamic functional connectivity: promise, issues, and interpretations},
  author={Hutchison, R Matthew and Womelsdorf, Thilo and Allen, Elena A and Bandettini, Peter A and Calhoun, Vince D and Corbetta, Maurizio and Della Penna, Stefania and Duyn, Jeff H and Glover, Gary H and Gonzalez-Castillo, Javier and others},
  journal={Neuroimage},
  volume={80},
  pages={360--378},
  year={2013},
  publisher={Academic Press}
}

@article{allen2012tracking,
  title={Tracking whole-brain connectivity dynamics in the resting state},
  author={Allen, Elena A and Damaraju, Eswar and Plis, Sergey M and Erhardt, Erik B and Eichele, Tom and Calhoun, Vince D},
  journal={Cerebral Cortex},
  pages={bhs352},
  year={2012},
  publisher={Oxford Univ Press}
}

@article{bassett2013task,
  title={Task-based core-periphery organization of human brain dynamics},
  author={Bassett, Danielle S and Wymbs, Nicholas F and Rombach, M Puck and Porter, Mason A and Mucha, Peter J and Grafton, Scott T},
  journal={PLoS Computational Biology},
  volume={9},
  number={9},
  pages={e1003171},
  year={2013}
}

@article{calhoun2014chronnectome,
  title={The chronnectome: time-varying connectivity networks as the next frontier in {fMRI} data discovery},
  author={Calhoun, Vince D and Miller, Robyn and Pearlson, Godfrey and Adal{\i}, Tulay},
  journal={Neuron},
  volume={84},
  number={2},
  pages={262--274},
  year={2014},
  publisher={Elsevier}
}

@article{kramer2011emergence,
  title={Emergence of persistent networks in long-term intracranial {EEG} recordings},
  author={Kramer, Mark A and Eden, Uri T and Lepage, Kyle Q and Kolaczyk, Eric D and Bianchi, Matt T and Cash, Sydney S},
  journal={The Journal of Neuroscience},
  volume={31},
  number={44},
  pages={15757--15767},
  year={2011},
  publisher={Soc Neuroscience}
}

@article{doron2012dynamic,
  title={Dynamic network structure of interhemispheric coordination},
  author={Doron, Karl W and Bassett, Danielle S and Gazzaniga, Michael S},
  journal={Proceedings of the National Academy of Sciences USA},
  volume={109},
  number={46},
  pages={18661--18668},
  year={2012},
  publisher={National Acad Sciences}
}

@article{kucyi2014dynamic,
  title={Dynamic functional connectivity of the default mode network tracks daydreaming},
  author={Kucyi, Aaron and Davis, Karen D},
  journal={Neuroimage},
  volume={100},
  pages={471--480},
  year={2014},
  publisher={Elsevier}
}

@article{chu2012emergence,
  title={Emergence of stable functional networks in long-term human electroencephalography},
  author={Chu, Catherine J and Kramer, Mark A and Pathmanathan, Jay and Bianchi, Matt T and Westover, M Brandon and Wizon, Lauren and Cash, Sydney S},
  journal={The Journal of Neuroscience},
  volume={32},
  number={8},
  pages={2703--2713},
  year={2012},
  publisher={Society for Neuroscience}
}



@article{betzel2012synchronization,
  title={Synchronization Dynamics and Evidence for a Repertoire of Network States in Resting {EEG}},
  author={Betzel, Richard F and Erickson, Molly A and Abell, Malene and O’Donnell, Brian F and Hetrick, William P and Sporns, Olaf},
  journal={Frontiers in Computational Neuroscience},
  volume={6},
  pages={74},
  year={2012},
  publisher={Frontiers}
}

@article{hlinka2015danger,
  title={On the danger of detecting network states in white noise},
  author={Hlinka, Jaroslav and Hadrava, Michal},
  journal={Frontiers in Computational Neuroscience},
  volume={9},
  year={2015},
  publisher={Frontiers Media SA}
}

@article{zalesky2012use,
  title={On the use of correlation as a measure of network connectivity},
  author={Zalesky, Andrew and Fornito, Alex and Bullmore, Ed},
  journal={Neuroimage},
  volume={60},
  number={4},
  pages={2096--2106},
  year={2012},
  publisher={Elsevier}
}

@article{zalesky2014time,
  title={Time-resolved resting-state brain networks},
  author={Zalesky, Andrew and Fornito, Alex and Cocchi, Luca and Gollo, Leonardo L and Breakspear, Michael},
  journal={Proceedings of the National Academy of Sciences USA},
  pages={201400181},
  year={2014},
  publisher={National Acad Sciences}
}

@article{zalesky2015towards,
  title={Towards a statistical test for functional connectivity dynamics},
  author={Zalesky, Andrew and Breakspear, Michael},
  journal={Neuroimage},
  volume={114},
  pages={466--470},
  year={2015},
  publisher={Academic Press}
}

@article{leonardi2013principal,
  title={Principal components of functional connectivity: a new approach to study dynamic brain connectivity during rest},
  author={Leonardi, Nora and Richiardi, Jonas and Gschwind, Markus and Simioni, Samanta and Annoni, Jean-Marie and Schluep, Myriam and Vuilleumier, Patrik and Van De Ville, Dimitri},
  journal={NeuroImage},
  volume={83},
  pages={937--950},
  year={2013},
  publisher={Elsevier}
}

@article{leonardi2015spurious,
  title={On spurious and real fluctuations of dynamic functional connectivity during rest},
  author={Leonardi, Nora and Van De Ville, Dimitri},
  journal={Neuroimage},
  volume={104},
  pages={430--436},
  year={2015},
  publisher={Elsevier}
}

@article{shen2015stable,
  title={Stable long-range interhemispheric coordination is supported by direct anatomical projections},
  author={Shen, Kelly and Mi{\v{s}}i{\'c}, Bratislav and Cipollini, Ben N and Bezgin, Gleb and Buschkuehl, Martin and Hutchison, R Matthew and Jaeggi, Susanne M and Kross, Ethan and Peltier, Scott J and Everling, Stefan and others},
  journal={Proceedings of the National Academy of Sciences USA},
  volume={112},
  number={20},
  pages={6473--6478},
  year={2015},
  publisher={National Acad Sciences}
}

@article{shen2015network,
  title={Network structure shapes spontaneous functional connectivity dynamics},
  author={Shen, Kelly and Hutchison, R Matthew and Bezgin, Gleb and Everling, Stefan and McIntosh, Anthony R},
  journal={The Journal of Neuroscience},
  volume={35},
  number={14},
  pages={5579--5588},
  year={2015},
  publisher={Society for Neuroscience}
}

@article{allan2015functional,
  title={Functional Connectivity in {MRI} Is Driven by Spontaneous BOLD Events},
  author={Allan, Thomas W and Francis, Susan T and Caballero-Gaudes, Cesar and Morris, Peter G and Liddle, Elizabeth B and Liddle, Peter F and Brookes, Matthew J and Gowland, Penny A},
  year={2015},
  journal={PLOS ONE}
}

@article{lindquist2014evaluating,
  title={Evaluating dynamic bivariate correlations in resting-state {fMRI}: A comparison study and a new approach},
  author={Lindquist, Martin A and Xu, Yuting and Nebel, Mary Beth and Caffo, Brain S},
  journal={Neuroimage},
  volume={101},
  pages={531--546},
  year={2014},
  publisher={Elsevier}
}

@article{liu2013time,
  title={Time-varying functional network information extracted from brief instances of spontaneous brain activity},
  author={Liu, Xiao and Duyn, Jeff H},
  journal={Proceedings of the National Academy of Sciences USA},
  volume={110},
  number={11},
  pages={4392--4397},
  year={2013},
  publisher={National Acad Sciences}
}

@article{fisher1915frequency,
  title={Frequency distribution of the values of the correlation coefficient in samples from an indefinitely large population},
  author={Fisher, Ronald A},
  journal={Biometrika},
  pages={507--521},
  year={1915},
  publisher={JSTOR}
}

@article{gonzalez2014spatial,
  title={The spatial structure of resting state connectivity stability on the scale of minutes},
  author={Gonzalez-Castillo, Javier and Handwerker, Daniel A and Robinson, Meghan E and Hoy, Colin Weir and Buchanan, Laura C and Saad, Ziad S and Bandettini, Peter A},
  journal={Frontiers in Neuroscience},
  volume={8},
  pages={138},
  year={2014},
  publisher={Frontiers Media SA}
}

@article{hutchison2015tracking,
  title={Tracking the Brain's Functional Coupling Dynamics over Development},
  author={Hutchison, R Matthew and Morton, J Bruce},
  journal={The Journal of Neuroscience},
  volume={35},
  number={17},
  pages={6849--6859},
  year={2015},
  publisher={Soc Neuroscience}
}

@article{rashid2014dynamic,
  title={Dynamic connectivity states estimated from resting {fMRI} Identify differences among Schizophrenia, bipolar disorder, and healthy control subjects},
  author={Rashid, Barnaly and Damaraju, Eswar and Pearlson, Godfrey D and Calhoun, Vince D},
  journal={Frontiers in Human Neuroscience},
  volume={8},
  pages={897},
  year={2014},
  publisher={Frontiers Media SA}
}

@inproceedings{miller2014higher,
  title={Higher dimensional analysis shows reduced dynamism of time-varying network connectivity in schizophrenia patients},
  author={Miller, Robyn L and Yaesoubi, Maziar and Calhoun, Vince D},
  booktitle={Engineering in Medicine and Biology Society (EMBC), 2014 36th Annual International Conference of the IEEE},
  pages={3837--3840},
  year={2014},
  organization={IEEE}
}


@article{calhoun2012multisubject,
  title={Multisubject independent component analysis of {fMRI}: a decade of intrinsic networks, default mode, and neurodiagnostic discovery},
  author={Calhoun, Vince D and Adali, T{\"u}lay},
  journal={Biomedical Engineering, IEEE Reviews in},
  volume={5},
  pages={60--73},
  year={2012},
  publisher={IEEE}
}

@article{damaraju2014dynamic,
  title={Dynamic functional connectivity analysis reveals transient states of dysconnectivity in schizophrenia},
  author={Damaraju, E and Allen, EA and Belger, A and Ford, JM and McEwen, S and Mathalon, DH and Mueller, BA and Pearlson, GD and Potkin, SG and Preda, A and others},
  journal={NeuroImage: Clinical},
  volume={5},
  pages={298--308},
  year={2014},
  publisher={Elsevier}
}

@article{hutchison2013resting,
  title={Resting-state networks show dynamic functional connectivity in awake humans and anesthetized macaques},
  author={Hutchison, R Matthew and Womelsdorf, Thilo and Gati, Joseph S and Everling, Stefan and Menon, Ravi S},
  journal={Human Brain Mapping},
  volume={34},
  number={9},
  pages={2154--2177},
  year={2013},
  publisher={Wiley Online Library}
}

@article{de2012cortical,
  title={A cortical core for dynamic integration of functional networks in the resting human brain},
  author={de Pasquale, Francesco and Della Penna, Stefania and Snyder, Abraham Z and Marzetti, Laura and Pizzella, Vittorio and Romani, Gian Luca and Corbetta, Maurizio},
  journal={Neuron},
  volume={74},
  number={4},
  pages={753--764},
  year={2012},
  publisher={Elsevier}
}

@article{tagliazucchi2012criticality,
  title={Criticality in Large-Scale Brain {fMRI} Dynamics Unveiled by a Novel Point Process Analysis},
  author={Tagliazucchi, Enzo and Balenzuela, Pablo and Fraiman, Daniel and Chialvo, Dante R},
  journal={Frontiers in Physiology},
  volume={3},
  pages={15},
  year={2012},
  publisher={Frontiers}
}

@article{tagliazucchi2014enhanced,
  title={Enhanced repertoire of brain dynamical states during the psychedelic experience},
  author={Tagliazucchi, Enzo and Carhart-Harris, Robin and Leech, Robert and Nutt, David and Chialvo, Dante R},
  journal={Human Brain Mapping},
  volume={35},
  number={11},
  pages={5442--5456},
  year={2014},
  publisher={Wiley Online Library}
}


@article{tagliazucchi2012dynamic,
  title={Dynamic BOLD functional connectivity in humans and its electrophysiological correlates},
  author={Tagliazucchi, Enzo and Von Wegner, Frederic and Morzelewski, Astrid and Brodbeck, Verena and Laufs, Helmut},
  journal={Frontiers in Human Neuroscience},
  volume={6},
  pages={339},
  year={2012},
  publisher={Frontiers Media SA}
}

@article{chang2013eeg,
  title={{EEG} correlates of time-varying BOLD functional connectivity},
  author={Chang, Catie and Liu, Zhongming and Chen, Michael C and Liu, Xiao and Duyn, Jeff H},
  journal={Neuroimage},
  volume={72},
  pages={227--236},
  year={2013},
  publisher={Elsevier}
}

@article{yan2013comprehensive,
  title={A comprehensive assessment of regional variation in the impact of head micromovements on functional connectomics},
  author={Yan, Chao-Gan and Cheung, Brian and Kelly, Clare and Colcombe, Stan and Craddock, R Cameron and Di Martino, Adriana and Li, Qingyang and Zuo, Xi-Nian and Castellanos, F Xavier and Milham, Michael P},
  journal={Neuroimage},
  volume={76},
  pages={183--201},
  year={2013},
  publisher={Elsevier}
}

@article{satterthwaite2013improved,
  title={An improved framework for confound regression and filtering for control of motion artifact in the preprocessing of resting-state functional connectivity data},
  author={Satterthwaite, Theodore D and Elliott, Mark A and Gerraty, Raphael T and Ruparel, Kosha and Loughead, James and Calkins, Monica E and Eickhoff, Simon B and Hakonarson, Hakon and Gur, Ruben C and Gur, Raquel E and others},
  journal={Neuroimage},
  volume={64},
  pages={240--256},
  year={2013},
  publisher={Elsevier}
}

@article{xu2015connectome,
  title={A connectome computation system for discovery science of brain},
  author={Xu, Ting and Yang, Zhi and Jiang, Lili and Xing, Xiu-Xia and Zuo, Xi-Nian},
  journal={Science Bulletin},
  volume={60},
  number={1},
  pages={86--95},
  year={2015},
  publisher={Science China Press}
}


@article{nooner2012nki,
  title={The NKI-Rockland sample: a model for accelerating the pace of discovery science in psychiatry},
  author={Nooner, Kate Brody and Colcombe, Stanley J and Tobe, Russell H and Mennes, Maarten and Benedict, Melissa M and Moreno, Alexis L and Panek, Laura J and Brown, Shaquanna and Zavitz, Stephen T and Li, Qingyang and others},
  journal={Frontiers in Neuroscience},
  volume={6},
  pages={152},
  year={2012},
  publisher={Frontiers Media SA}
}

@article{zuo2014test,
  title={Test-retest reliabilities of resting-state {FMRI} measurements in human brain functional connectomics: a systems neuroscience perspective},
  author={Zuo, Xi-Nian and Xing, Xiu-Xia},
  journal={Neuroscience \& Biobehavioral Reviews},
  volume={45},
  pages={100--118},
  year={2014},
  publisher={Elsevier}
}

@article{sporns67modular,
  title={Modular Brain Networks},
  author={Sporns, Olaf and Betzel, Richard F},
  journal={Annual Review of Psychology},
  volume={67},
  number={1},
  year={2015},
  publisher={Annual Reviews 4139 El Camino Way, PO Box 10139, Palo Alto, California 94303-0139, USA}
}


@article{newman2004finding,
  title={Finding and evaluating community structure in networks},
  author={Newman, Mark EJ and Girvan, Michelle},
  journal={Physical Review E},
  volume={69},
  number={2},
  pages={026113},
  year={2004},
  publisher={APS}
}

@article{thompson2015mean,
  title={The mean-variance relationship reveals two possible strategies for dynamic brain connectivity analysis in fMRI.},
  author={Thompson, William Hedley and Fransson, Peter},
  journal={Frontiers in Human Neuroscience},
  volume={9},
  pages={398},
  year={2015},
  publisher={Frontiers}
}

@article{macmahon2013community,
  title={Community detection for correlation matrices},
  author={MacMahon, Mel and Garlaschelli, Diego},
  journal={Physical Review X},
  volume={5},
  pages={021006},
  year={2015}
}

@article{honey2007network,
  title={Network structure of cerebral cortex shapes functional connectivity on multiple time scales},
  author={Honey, Christopher J and K{\"o}tter, Rolf and Breakspear, Michael and Sporns, Olaf},
  journal={Proceedings of the National Academy of Sciences USA},
  volume={104},
  number={24},
  pages={10240--10245},
  year={2007},
  publisher={National Acad Sciences}
}

@article{bazzi2014community,
  title={Community detection in temporal multilayer networks, and its application to correlation networks},
  author={Bazzi, Marya and Porter, Mason A and Williams, Stacy and McDonald, Mark and Fenn, Daniel J and Howison, Sam D},
  journal={arXiv preprint arXiv:1501.00040},
  year={2014}
}

@article{jutla2011generalized,
  title={A generalized Louvain method for community detection implemented in MATLAB},
  author={Jutla, Inderjit S and Jeub, Lucas GS and Mucha, Peter J},
  journal={URL http://netwiki. amath. unc. edu/GenLouvain},
  year={2011}
}

@article{blondel2008fast,
  title={Fast unfolding of communities in large networks},
  author={Blondel, Vincent D and Guillaume, Jean-Loup and Lambiotte, Renaud and Lefebvre, Etienne},
  journal={Journal of Statistical Mechanics: Theory and Experiment},
  volume={2008},
  number={10},
  pages={P10008},
  year={2008},
  publisher={IOP Publishing}
}
